@book{Sachdev_2023, 
    place={Cambridge}, 
    title={Quantum Phases of Matter}, 
    publisher={Cambridge University Press}, 
    author={Sachdev, Subir}, 
    year={2023}} <div></div>

@article{Rosenhaus:2018dtp,
    author = "Rosenhaus, Vladimir",
    title = "{An introduction to the SYK model}",
    eprint = "1807.03334",
    archivePrefix = "arXiv",
    primaryClass = "hep-th",
    doi = "10.1088/1751-8121/ab2ce1",
    journal = "J. Phys. A",
    volume = "52",
    pages = "323001",
    year = "2019"
}

@article{Patri_2020,
   title={Emergent non-Fermi-liquid phenomena in multipolar quantum impurity systems},
   volume={2},
   ISSN={2643-1564},
   url={http://dx.doi.org/10.1103/PhysRevResearch.2.013257},
   DOI={10.1103/physrevresearch.2.013257},
   number={1},
   journal={Physical Review Research},
   publisher={American Physical Society (APS)},
   author={Patri, Adarsh S. and Khait, Ilia and Kim, Yong Baek},
   year={2020},
   month=mar }

@book{Girvin_Yang_2019, place={Cambridge}, 
    title={Modern Condensed Matter Physics}, 
    publisher={Cambridge University Press}, 
    author={Girvin, Steven M. and Yang, Kun}, 
    year={2019}} <div></div>

@article{PhysRevLett.70.3339,
  title = {Gapless spin-fluid ground state in a random quantum Heisenberg magnet},
  author = {Sachdev, Subir and Ye, Jinwu},
  journal = {Phys. Rev. Lett.},
  volume = {70},
  issue = {21},
  pages = {3339--3342},
  numpages = {0},
  year = {1993},
  month = {May},
  publisher = {American Physical Society},
  doi = {10.1103/PhysRevLett.70.3339},
  url = {https://link.aps.org/doi/10.1103/PhysRevLett.70.3339}
}

@conference{Kitaev_2015,
    author = {Kitaev, Alexei},
    title = "{A} simple model of quantum holography",
    note = "{KITP} strings seminar and Entanglement 2015 program (Feb. 12, April 7, and May 27, 2015). \url{http://online.kitp.ucsb.edu/online/entangled15/.}"
}

@article{Landau:1958joj,
    author = "Landau, Lev Davidovich",
    editor = "ter Haar, D.",
    title = "{On the Theory of the Fermi Liquid}",
    doi = "10.1016/b978-0-08-010586-4.50100-0",
    journal = "J. Exp. Theor. Phys.",
    volume = "35",
    year = "1958"
}

@article{Hayes_2016,
    author = {{I. Hayes, R. McDonald, N. Breznay, et al.}},
    title = {Scaling between magnetic field and temperature in high-temperature superconductor {BaFe$_{2}$(As$_{1-x}$P$_{x}$)$_{2}$}},
    journal = {Nature Phys.},
    volume = {12},
    pages = {916--919},
    year = {2016},
    doi = {https://doi.org/10.1038/nphys3773}
}

@article{Takagi_1992,
  title = {Systematic evolution of temperature-dependent resistivity in {La$_{2-x}$Sr$_{x}$CuO$_{4}$}},
  author = {Takagi, H. and Batlogg, B. and Kao, H. L. and Kwo, J. and Cava, R. J. and Krajewski, J. J. and Peck, W. F.},
  journal = {Phys. Rev. Lett.},
  volume = {69},
  issue = {20},
  pages = {2975--2978},
  numpages = {0},
  year = {1992},
  month = {Nov},
  publisher = {American Physical Society},
  doi = {10.1103/PhysRevLett.69.2975},
  url = {https://link.aps.org/doi/10.1103/PhysRevLett.69.2975}
}

@article{Bohigas_1984,
  title = {Characterization of Chaotic Quantum Spectra and Universality of Level Fluctuation Laws},
  author = {Bohigas, O. and Giannoni, M. J. and Schmit, C.},
  journal = {Phys. Rev. Lett.},
  volume = {52},
  issue = {1},
  pages = {1--4},
  numpages = {0},
  year = {1984},
  month = {Jan},
  publisher = {American Physical Society},
  doi = {10.1103/PhysRevLett.52.1},
  url = {https://link.aps.org/doi/10.1103/PhysRevLett.52.1}
}

@article{Muller_2009,
   title={Periodic-orbit theory of universal level correlations in quantum chaos},
   volume={11},
   ISSN={1367-2630},
   url={http://dx.doi.org/10.1088/1367-2630/11/10/103025},
   DOI={10.1088/1367-2630/11/10/103025},
   number={10},
   journal={New Journal of Physics},
   publisher={IOP Publishing},
   author={Müller, Sebastian and Heusler, Stefan and Altland, Alexander and Braun, Petr and Haake, Fritz},
   year={2009}
}

@article{Chowdhury_2022,
   title={Sachdev-Ye-Kitaev models and beyond: Window into non-Fermi liquids},
   volume={94},
   ISSN={1539-0756},
   url={http://dx.doi.org/10.1103/RevModPhys.94.035004},
   DOI={10.1103/revmodphys.94.035004},
   number={3},
   journal={Reviews of Modern Physics},
   publisher={American Physical Society (APS)},
   author={Chowdhury, Debanjan and Georges, Antoine and Parcollet, Olivier and Sachdev, Subir},
   year={2022}
}

@article{Polchinski_2016,
   title={The spectrum in the Sachdev-Ye-Kitaev model},
   volume={2016},
   ISSN={1029-8479},
   url={http://dx.doi.org/10.1007/JHEP04(2016)001},
   DOI={10.1007/jhep04(2016)001},
   number={4},
   journal={Journal of High Energy Physics},
   publisher={Springer Science and Business Media LLC},
   author={Polchinski, Joseph and Rosenhaus, Vladimir},
   year={2016},
   month= {apr}, 
    pages={1–25} 
}

@article{Klebanov_2017,
  title = {Uncolored random tensors, melon diagrams, and the Sachdev-Ye-Kitaev models},
  author = {Klebanov, Igor R. and Tarnopolsky, Grigory},
  journal = {Phys. Rev. D},
  volume = {95},
  issue = {4},
  pages = {046004},
  numpages = {13},
  year = {2017},
  month = {Feb},
  publisher = {American Physical Society},
  doi = {10.1103/PhysRevD.95.046004},
  url = {https://link.aps.org/doi/10.1103/PhysRevD.95.046004}
}

@article{Orman:2024mpw,
    author = "Orman, Patrick and Gharibyan, Hrant and Preskill, John",
    title = "{Quantum chaos in the sparse SYK model}",
    eprint = "2403.13884",
    archivePrefix = "arXiv",
    primaryClass = "hep-th",
    month = "3",
    year = "2024"
}

@article{Witten:2016iux,
    author = "Witten, Edward",
    title = "{An SYK-Like Model Without Disorder}",
    eprint = "1610.09758",
    archivePrefix = "arXiv",
    primaryClass = "hep-th",
    doi = "10.1088/1751-8121/ab3752",
    journal = "J. Phys. A",
    volume = "52",
    number = "47",
    pages = "474002",
    year = "2019"
}

@article{Louw:2023lpq,
    author = "Louw, Jan C. and van Manen, Linda M. and Jha, Rishabh",
    title = "{Thermodynamics and dynamics of coupled complex SYK models}",
    eprint = "2312.14644",
    archivePrefix = "arXiv",
    primaryClass = "hep-th",
    month = "12",
    year = "2023"
}

@article{Weidenm_ller_2009,
   title={Random matrices and chaos in nuclear physics: Nuclear structure},
   volume={81},
   ISSN={1539-0756},
   url={http://dx.doi.org/10.1103/RevModPhys.81.539},
   DOI={10.1103/revmodphys.81.539},
   number={2},
   journal={Reviews of Modern Physics},
   publisher={American Physical Society (APS)},
   author={Weidenmüller, H. A. and Mitchell, G. E.},
   year={2009},
   month=may, pages={539–589} }

@article{Cha_2020,
   title={Linear resistivity and Sachdev-Ye-Kitaev (SYK) spin liquid behavior in a quantum critical metal with spin-1/2 fermions},
   volume={117},
   ISSN={1091-6490},
   url={http://dx.doi.org/10.1073/pnas.2003179117},
   DOI={10.1073/pnas.2003179117},
   number={31},
   journal={Proceedings of the National Academy of Sciences},
   publisher={Proceedings of the National Academy of Sciences},
   author={Cha, Peter and Wentzell, Nils and Parcollet, Olivier and Georges, Antoine and Kim, Eun-Ah},
   year={2020},
}

@article{Milekhin_2021,
   title={Non-local reparametrization action in coupled Sachdev-Ye-Kitaev models},
   volume={2021},
   ISSN={1029-8479},
   url={http://dx.doi.org/10.1007/JHEP12(2021)114},
   DOI={10.1007/jhep12(2021)114},
   number={12},
   journal={Journal of High Energy Physics},
   publisher={Springer Science and Business Media LLC},
   author={Milekhin, Alexey},
   year={2021},
   month=dec }

@article{Fu_2017,
   title={Publisher’s Note: Supersymmetric Sachdev-Ye-Kitaev models [Phys. Rev. D 95, 026009 (2017)]},
   volume={95},
   ISSN={2470-0029},
   url={http://dx.doi.org/10.1103/PhysRevD.95.069904},
   DOI={10.1103/physrevd.95.069904},
   number={6},
   journal={Physical Review D},
   publisher={American Physical Society (APS)},
   author={Fu, Wenbo and Gaiotto, Davide and Maldacena, Juan and Sachdev, Subir},
   year={2017},
   month={mar} 
}

@article{Maldacena_2016,
   title={Remarks on the Sachdev-Ye-Kitaev model},
   volume={94},
   ISSN={2470-0029},
   url={http://dx.doi.org/10.1103/PhysRevD.94.106002},
   DOI={10.1103/physrevd.94.106002},
   number={10},
   journal={Physical Review D},
   publisher={American Physical Society (APS)},
   author={Maldacena, Juan and Stanford, Douglas},
   year={2016},
   month={nov} 
}

@article{Haldar_2018,
   title={Higher-dimensional Sachdev-Ye-Kitaev non-Fermi liquids at Lifshitz transitions},
   volume={97},
   ISSN={2469-9969},
   url={http://dx.doi.org/10.1103/PhysRevB.97.241106},
   DOI={10.1103/physrevb.97.241106},
   number={24},
   journal={Physical Review B},
   publisher={American Physical Society (APS)},
   author={Haldar, Arijit and Banerjee, Sumilan and Shenoy, Vijay B.},
   year={2018},
   month=jun }

@article{Tatsumi_2009,
   title={Non-Fermi-liquid effect in magnetic susceptibility},
   volume={672},
   ISSN={0370-2693},
   url={http://dx.doi.org/10.1016/j.physletb.2008.12.064},
   DOI={10.1016/j.physletb.2008.12.064},
   number={2},
   journal={Physics Letters B},
   publisher={Elsevier BV},
   author={Tatsumi, T. and Sato, K.},
   year={2009},
   month=feb, pages={132–135} }

@article{Kitaev_2018,
   title={The soft mode in the Sachdev-Ye-Kitaev model and its gravity dual},
   volume={2018},
   ISSN={1029-8479},
   url={http://dx.doi.org/10.1007/JHEP05(2018)183},
   DOI={10.1007/jhep05(2018)183},
   number={5},
   journal={Journal of High Energy Physics},
   publisher={Springer Science and Business Media LLC},
   author={Kitaev, Alexei and Suh, S. Josephine},
   year={2018},
   month=may }

@article{Song_2017,
   title={Strongly Correlated Metal Built from Sachdev-Ye-Kitaev Models},
   volume={119},
   ISSN={1079-7114},
   url={http://dx.doi.org/10.1103/PhysRevLett.119.216601},
   DOI={10.1103/physrevlett.119.216601},
   number={21},
   journal={Physical Review Letters},
   publisher={American Physical Society (APS)},
   author={Song, Xue-Yang and Jian, Chao-Ming and Balents, Leon},
   year={2017},
   month=nov }

@article{Fu_2016,
   title={Numerical study of fermion and boson models with infinite-range random interactions},
   volume={94},
   ISSN={2469-9969},
   url={http://dx.doi.org/10.1103/PhysRevB.94.035135},
   DOI={10.1103/physrevb.94.035135},
   number={3},
   journal={Physical Review B},
   publisher={American Physical Society (APS)},
   author={Fu, Wenbo and Sachdev, Subir},
   year={2016},
   month=jul }

@article{Jevicki_2016,
   title={Bi-local holography in the SYK model},
   volume={2016},
   ISSN={1029-8479},
   url={http://dx.doi.org/10.1007/JHEP07(2016)007},
   DOI={10.1007/jhep07(2016)007},
   number={7},
   journal={Journal of High Energy Physics},
   publisher={Springer Science and Business Media LLC},
   author={Jevicki, Antal and Suzuki, Kenta and Yoon, Junggi},
   year={2016},
   month= {jul}
}

@article{Jevicki_2022,
   title={Dynamical Symmetry and the Thermofield State at Large N},
   volume={8},
   ISSN={2218-1997},
   url={http://dx.doi.org/10.3390/universe8020114},
   DOI={10.3390/universe8020114},
   number={2},
   journal={Universe},
   publisher={MDPI AG},
   author={Jevicki, Antal and Liu, Xianlong and Yoon, Junggi and Zheng, Junjie},
   year={2022},
   month=feb, pages={114} }

@article{PhysRevX.5.041025,
  title = {Bekenstein-Hawking Entropy and Strange Metals},
  author = {Sachdev, Subir},
  journal = {Phys. Rev. X},
  volume = {5},
  issue = {4},
  pages = {041025},
  numpages = {13},
  year = {2015},
  month = {Nov},
  publisher = {American Physical Society},
  doi = {10.1103/PhysRevX.5.041025},
  url = {https://link.aps.org/doi/10.1103/PhysRevX.5.041025}
}

@article{Sachdev:2022qnu,
    author = "Sachdev, Subir",
    title = "{Statistical mechanics of strange metals and black holes}",
    eprint = "2205.02285",
    archivePrefix = "arXiv",
    primaryClass = "hep-th",
    month = "5",
    year = "2022"
}

@article{Sachdev:2023try,
    author = "Sachdev, Subir",
    title = "{Quantum statistical mechanics of the Sachdev-Ye-Kitaev model and charged black holes}",
    eprint = "2304.13744",
    archivePrefix = "arXiv",
    primaryClass = "cond-mat.str-el",
    month = "4",
    year = "2023"
}

@article{PhysRevLett.85.626,
  title = {${\mathrm{YbRh}}_{2}{\mathrm{Si}}_{2}$: Pronounced Non-Fermi-Liquid Effects above a Low-Lying Magnetic Phase Transition},
  author = {Trovarelli, O. and Geibel, C. and Mederle, S. and Langhammer, C. and Grosche, F. M. and Gegenwart, P. and Lang, M. and Sparn, G. and Steglich, F.},
  journal = {Phys. Rev. Lett.},
  volume = {85},
  issue = {3},
  pages = {626--629},
  numpages = {0},
  year = {2000},
  month = {Jul},
  publisher = {American Physical Society},
  doi = {10.1103/PhysRevLett.85.626},
  url = {https://link.aps.org/doi/10.1103/PhysRevLett.85.626}
}